@book{harris2022digital,
  title={Digital design and computer architecture},
  author={Harris, Sarah L and Harris, David},
  year={2022},
  publisher={Morgan Kaufmann}
}
@book{stephen2022fundamentals,
  title={Fundamentals of digital Logic with Verilog design},
  author={Stephen, Brown and Zvonko, Vranesic},
  year={2022},
  publisher={McGraw Hill}
}
